[gd_scene load_steps=11 format=3 uid="uid://c6lhk1beysvw0"]

[ext_resource type="PackedScene" uid="uid://c0bi427pkk34w" path="res://scenes/characters/character_generator/character_generator.tscn" id="1_y16u5"]
[ext_resource type="PackedScene" uid="uid://biwbpeq0w7c4g" path="res://scenes/world/happiness_observer.tscn" id="3_btsyt"]
[ext_resource type="PackedScene" uid="uid://ekdj3tt16yvo" path="res://scenes/ui/ui_camera/ui_camera.tscn" id="4_7qt6r"]
[ext_resource type="PackedScene" uid="uid://cmhpol45q5knb" path="res://scenes/ui/god_hand/god_hand.tscn" id="5_g7y5r"]
[ext_resource type="PackedScene" uid="uid://bgir4chpb1271" path="res://scenes/ui/ui.tscn" id="6_xsow5"]
[ext_resource type="PackedScene" uid="uid://mm1ppgb4luhl" path="res://scenes/soundSystem/soundSystem.tscn" id="7_e5qgi"]
[ext_resource type="PackedScene" uid="uid://u7fsk0pxvw5c" path="res://scenes/characters/influencer/david_duck/david_duck.tscn" id="7_plskt"]

[sub_resource type="BoxShape3D" id="BoxShape3D_7l4ta"]
size = Vector3(1, 1, 50)

[sub_resource type="SphereShape3D" id="SphereShape3D_cynia"]
radius = 5.01617

[sub_resource type="BoxShape3D" id="BoxShape3D_eba74"]
size = Vector3(50, 0.5, 50)

[node name="CharacterTest" type="Node3D"]

[node name="CharacterGenerator" parent="." instance=ExtResource("1_y16u5")]

[node name="Zone" parent="CharacterGenerator" index="0"]
transform = Transform3D(1, 0, 0, 0, 1, 0, 0, 0, 1, 0.487436, 0, 0.656599)
size = Vector3(45.4198, 0.1, 41.6255)

[node name="DirectionalLight3D" type="DirectionalLight3D" parent="."]
transform = Transform3D(-0.866023, -0.433016, 0.250001, 0, 0.499998, 0.866027, -0.500003, 0.749999, -0.43301, 0, 0, 0)
shadow_enabled = true

[node name="CSGBox3D" type="CSGBox3D" parent="."]
transform = Transform3D(1, 0, 0, 0, 1, 0, 0, 0, 1, -0.0455437, -0.797388, 0.00631905)
size = Vector3(50, 0.1, 50)

[node name="Borders" type="StaticBody3D" parent="."]

[node name="CollisionShape3D" type="CollisionShape3D" parent="Borders"]
transform = Transform3D(1, 0, 0, 0, 1, 0, 0, 0, 1, -25.5, -0.5, 0)
shape = SubResource("BoxShape3D_7l4ta")

[node name="CollisionShape3D2" type="CollisionShape3D" parent="Borders"]
transform = Transform3D(1, 0, 0, 0, 1, 0, 0, 0, 1, 25.5, -0.5, 0)
shape = SubResource("BoxShape3D_7l4ta")

[node name="CollisionShape3D3" type="CollisionShape3D" parent="Borders"]
transform = Transform3D(-4.37114e-08, 0, 1, 0, 1, 0, -1, 0, -4.37114e-08, 0, -0.5, 25.5)
shape = SubResource("BoxShape3D_7l4ta")

[node name="CollisionShape3D4" type="CollisionShape3D" parent="Borders"]
transform = Transform3D(-4.37114e-08, 0, 1, 0, 1, 0, -1, 0, -4.37114e-08, 0, -0.5, -25.5)
shape = SubResource("BoxShape3D_7l4ta")

[node name="LocalHappinessObserver" parent="." instance=ExtResource("3_btsyt")]

[node name="CollisionShape3D" type="CollisionShape3D" parent="LocalHappinessObserver"]
transform = Transform3D(1, 0, 0, 0, 1, 0, 0, 0, 1, 11.3257, 0, -11.108)
shape = SubResource("SphereShape3D_cynia")

[node name="UICamera" parent="." instance=ExtResource("4_7qt6r")]
sensitivity = 0.15

[node name="Camera" parent="UICamera" index="0"]
transform = Transform3D(1, 0, 0, 0, 1, 0, 0, 0, 1, 38.2352, 45.218, 0)
v_offset = -11.0
current = true

[node name="GodHand" parent="." instance=ExtResource("5_g7y5r")]
camera_path = NodePath("../UICamera/Camera")

[node name="GroundCollider" type="Area3D" parent="."]
transform = Transform3D(1, 0, 0, 0, 1, 0, 0, 0, 1, -0.0455437, -0.797388, 0.00631905)
collision_layer = 4

[node name="CollisionShape3D" type="CollisionShape3D" parent="GroundCollider"]
shape = SubResource("BoxShape3D_eba74")

[node name="CanvasLayer" type="CanvasLayer" parent="."]
follow_viewport_enabled = true

[node name="Ui" parent="CanvasLayer" instance=ExtResource("6_xsow5")]
size_flags_horizontal = 3
size_flags_vertical = 3
mouse_filter = 2

[node name="DavidDuck" parent="." instance=ExtResource("7_plskt")]

[node name="SoundSystem" parent="." instance=ExtResource("7_e5qgi")]

[editable path="CharacterGenerator"]
[editable path="UICamera"]
